<record xmlns="http://www.loc.gov/MARC21/slim" xmlns:xsi="http://www.w3.org/2001/XMLSchema-instance" xsi:schemaLocation="http://www.loc.gov/MARC21/slim http://www.loc.gov/standards/marcxml/schema/MARC21slim.xsd">

  <leader>00965nam a2200205   4500</leader>
  <controlfield tag="008">160503b2013    cr ||||| |||| 00| | spa d</controlfield>
  <datafield tag="090" ind1=" " ind2=" ">
    <subfield code="a">06.02.02 </subfield>
    <subfield code="b">2197 </subfield>
  </datafield>
  <datafield ind1="2" ind2=" " tag="110">
    <subfield code="9">1701</subfield>
    <subfield code="a">Consejo Nacional de Rehabilitación y Educación Especial. Unidad de Investigación e Innovación </subfield>
  </datafield>
  <datafield ind2="0" ind1="1" tag="245">
    <subfield code="a">Perfiles de la población infantil y adolescente con discapacidad que asiste y la que se encuentra excluida de la educación preescolar, primaria y secundaria regular en Costa Rica, a partir del X Censo de Población y VI de Vivienda / </subfield>
    <subfield code="c">Consejo Nacional de Rehabilitación y Educación Especial. Unidad de Investigación e Innovación</subfield>
  </datafield>
  <datafield ind1=" " ind2=" " tag="260">
    <subfield code="a">[San José, Costa Rica] : </subfield>
    <subfield code="b">El Consejo,</subfield>
    <subfield code="c">2013</subfield>
  </datafield>
  <datafield tag="300" ind2=" " ind1=" ">
    <subfield code="a">98 páginas</subfield>
  </datafield>
  <datafield tag="500" ind1=" " ind2=" ">
    <subfield code="a">Ejecución: 2013</subfield>
  </datafield>
  <datafield tag="650" ind2="4" ind1="1">
    <subfield code="9">320</subfield>
    <subfield code="a">ACCESO A LA EDUCACIÓN</subfield>
  </datafield>
  <datafield ind1="1" ind2="4" tag="650">
    <subfield code="9">1369</subfield>
    <subfield code="a">PERSONAS CON DISCAPACIDAD</subfield>
  </datafield>
  <datafield ind2="4" ind1="1" tag="650">
    <subfield code="9">1</subfield>
    <subfield code="a">EDUCACIÓN</subfield>
  </datafield>
  <datafield tag="650" ind1="1" ind2="4">
    <subfield code="9">59</subfield>
    <subfield code="a">NIÑOS</subfield>
  </datafield>
  <datafield tag="650" ind2="4" ind1="1">
    <subfield code="9">60</subfield>
    <subfield code="a">NIÑAS</subfield>
  </datafield>
  <datafield tag="650" ind1="1" ind2="4">
    <subfield code="9">5</subfield>
    <subfield code="a">ADOLESCENTES</subfield>
  </datafield>
  <datafield ind2=" " ind1=" " tag="942">
    <subfield code="2">z</subfield>
    <subfield code="c">01</subfield>
  </datafield>
  <datafield ind1=" " ind2=" " tag="999">
    <subfield code="c">3202</subfield>
    <subfield code="d">3202</subfield>
  </datafield>
</record>